@string{june = {June}}

@article{2013A&A...558A..33A,
 adsnote = {Provided by the SAO/NASA Astrophysics Data System},
 adsurl = {https://ui.adsabs.harvard.edu/abs/2013A&A...558A..33A},
 archiveprefix = {arXiv},
 author = {{Astropy Collaboration} and {Robitaille}, Thomas P. and {Tollerud}, Erik J. and {Greenfield}, Perry and {Droettboom}, Michael and {Bray}, Erik and {Aldcroft}, Tom and {Davis}, Matt and {Ginsburg}, Adam and {Price-Whelan}, Adrian M. and {Kerzendorf}, Wolfgang E. and {Conley}, Alexander and {Crighton}, Neil and {Barbary}, Kyle and {Muna}, Demitri and {Ferguson}, Henry and {Grollier}, Fr{\'e}d{\'e}ric and {Parikh}, Madhura M. and {Nair}, Prasanth H. and {Unther}, Hans M. and {Deil}, Christoph and {Woillez}, Julien and {Conseil}, Simon and {Kramer}, Roban and {Turner}, James E.~H. and {Singer}, Leo and {Fox}, Ryan and {Weaver}, Benjamin A. and {Zabalza}, Victor and {Edwards}, Zachary I. and {Azalee Bostroem}, K. and {Burke}, D.~J. and {Casey}, Andrew R. and {Crawford}, Steven M. and {Dencheva}, Nadia and {Ely}, Justin and {Jenness}, Tim and {Labrie}, Kathleen and {Lim}, Pey Lian and {Pierfederici}, Francesco and {Pontzen}, Andrew and {Ptak}, Andy and {Refsdal}, Brian and {Servillat}, Mathieu and {Streicher}, Ole},
 doi = {10.1051/0004-6361/201322068},
 eid = {A33},
 eprint = {1307.6212},
 journal = {\aap},
 keywords = {methods: data analysis, methods: miscellaneous, virtual observatory tools, Astrophysics - Instrumentation and Methods for Astrophysics},
 month = {October},
 pages = {A33},
 primaryclass = {astro-ph.IM},
 title = {{Astropy: A community Python package for astronomy}},
 volume = {558},
 year = {2013}
}

@article{2018AJ....156..123A,
 adsnote = {Provided by the SAO/NASA Astrophysics Data System},
 adsurl = {https://ui.adsabs.harvard.edu/abs/2018AJ....156..123A},
 archiveprefix = {arXiv},
 author = {{Astropy Collaboration} and {Price-Whelan}, A.~M. and {Sip{\H{o}}cz}, B.~M. and {G{\"u}nther}, H.~M. and {Lim}, P.~L. and {Crawford}, S.~M. and {Conseil}, S. and {Shupe}, D.~L. and {Craig}, M.~W. and {Dencheva}, N. and {Ginsburg}, A. and {VanderPlas}, J.~T. and {Bradley}, L.~D. and {P{\'e}rez-Su{\'a}rez}, D. and {de Val-Borro}, M. and {Aldcroft}, T.~L. and {Cruz}, K.~L. and {Robitaille}, T.~P. and {Tollerud}, E.~J. and {Ardelean}, C. and {Babej}, T. and {Bach}, Y.~P. and {Bachetti}, M. and {Bakanov}, A.~V. and {Bamford}, S.~P. and {Barentsen}, G. and {Barmby}, P. and {Baumbach}, A. and {Berry}, K.~L. and {Biscani}, F. and {Boquien}, M. and {Bostroem}, K.~A. and {Bouma}, L.~G. and {Brammer}, G.~B. and {Bray}, E.~M. and {Breytenbach}, H. and {Buddelmeijer}, H. and {Burke}, D.~J. and {Calderone}, G. and {Cano Rodr{\'\i}guez}, J.~L. and {Cara}, M. and {Cardoso}, J.~V.~M. and {Cheedella}, S. and {Copin}, Y. and {Corrales}, L. and {Crichton}, D. and {D'Avella}, D. and {Deil}, C. and {Depagne}, {\'E}. and {Dietrich}, J.~P. and {Donath}, A. and {Droettboom}, M. and {Earl}, N. and {Erben}, T. and {Fabbro}, S. and {Ferreira}, L.~A. and {Finethy}, T. and {Fox}, R.~T. and {Garrison}, L.~H. and {Gibbons}, S.~L.~J. and {Goldstein}, D.~A. and {Gommers}, R. and {Greco}, J.~P. and {Greenfield}, P. and {Groener}, A.~M. and {Grollier}, F. and {Hagen}, A. and {Hirst}, P. and {Homeier}, D. and {Horton}, A.~J. and {Hosseinzadeh}, G. and {Hu}, L. and {Hunkeler}, J.~S. and {Ivezi{\'c}}, {\v{Z}}. and {Jain}, A. and {Jenness}, T. and {Kanarek}, G. and {Kendrew}, S. and {Kern}, N.~S. and {Kerzendorf}, W.~E. and {Khvalko}, A. and {King}, J. and {Kirkby}, D. and {Kulkarni}, A.~M. and {Kumar}, A. and {Lee}, A. and {Lenz}, D. and {Littlefair}, S.~P. and {Ma}, Z. and {Macleod}, D.~M. and {Mastropietro}, M. and {McCully}, C. and {Montagnac}, S. and {Morris}, B.~M. and {Mueller}, M. and {Mumford}, S.~J. and {Muna}, D. and {Murphy}, N.~A. and {Nelson}, S. and {Nguyen}, G.~H. and {Ninan}, J.~P. and {N{\"o}the}, M. and {Ogaz}, S. and {Oh}, S. and {Parejko}, J.~K. and {Parley}, N. and {Pascual}, S. and {Patil}, R. and {Patil}, A.~A. and {Plunkett}, A.~L. and {Prochaska}, J.~X. and {Rastogi}, T. and {Reddy Janga}, V. and {Sabater}, J. and {Sakurikar}, P. and {Seifert}, M. and {Sherbert}, L.~E. and {Sherwood-Taylor}, H. and {Shih}, A.~Y. and {Sick}, J. and {Silbiger}, M.~T. and {Singanamalla}, S. and {Singer}, L.~P. and {Sladen}, P.~H. and {Sooley}, K.~A. and {Sornarajah}, S. and {Streicher}, O. and {Teuben}, P. and {Thomas}, S.~W. and {Tremblay}, G.~R. and {Turner}, J.~E.~H. and {Terr{\'o}n}, V. and {van Kerkwijk}, M.~H. and {de la Vega}, A. and {Watkins}, L.~L. and {Weaver}, B.~A. and {Whitmore}, J.~B. and {Woillez}, J. and {Zabalza}, V. and {Astropy Contributors}},
 doi = {10.3847/1538-3881/aabc4f},
 eid = {123},
 eprint = {1801.02634},
 journal = {\aj},
 keywords = {methods: data analysis, methods: miscellaneous, methods: statistical, reference systems, Astrophysics - Instrumentation and Methods for Astrophysics},
 month = {September},
 number = {3},
 pages = {123},
 primaryclass = {astro-ph.IM},
 title = {{The Astropy Project: Building an Open-science Project and Status of the v2.0 Core Package}},
 volume = {156},
 year = {2018}
}
